<?xml version="1.0" encoding="UTF-8"?>
<mx:collection xmlns:mx="http://www.loc.gov/MARC21/slim">
    <mx:record id="ID1687931">
        <mx:leader>00564nam a2200024 c 4500</mx:leader>
        <mx:controlfield tag="001">1687931</mx:controlfield>
        <mx:controlfield tag="007">|| ||||||||||||||||||||</mx:controlfield>
        <mx:controlfield tag="008">||||||nuuuuuuuu|||||| | |||||||||||und||</mx:controlfield>
        <mx:datafield tag="035" ind1=" " ind2=" ">
            <mx:subfield code="a">(UNION_SEAL)HT019953476</mx:subfield>
        </mx:datafield>
        <mx:datafield tag="245" ind1="0" ind2="0">
            <mx:subfield code="a">Design and analysis of an asymmetric mutation operator</mx:subfield>
            <mx:subfield code="c">Thomas Jansen and Dirk Sudholt</mx:subfield>
        </mx:datafield>
        <mx:datafield tag="856" ind1="4" ind2=" ">
            <mx:subfield code="z">Freie Internetressource</mx:subfield>
        </mx:datafield>
        <mx:datafield tag="856" ind1="4" ind2="0">
            <mx:subfield code="u">http://hdl.handle.net/2003/22116</mx:subfield>
            <mx:subfield code="x">Resolving-System</mx:subfield>
            <mx:subfield code="3">Volltext</mx:subfield>
        </mx:datafield>
        <mx:datafield tag="856" ind1="4" ind2="0">
            <mx:subfield code="u">http://dx.doi.org/10.17877/DE290R-14123</mx:subfield>
            <mx:subfield code="x">Resolving-System</mx:subfield>
            <mx:subfield code="3">Volltext</mx:subfield>
        </mx:datafield>
        <mx:datafield tag="980" ind1="1" ind2=" ">
            <mx:subfield code="e">HBZ</mx:subfield>
        </mx:datafield>
        <mx:datafield tag="997" ind1=" " ind2=" ">
            <mx:subfield code="a">20190130</mx:subfield>
        </mx:datafield>
        <mx:datafield tag="998" ind1="4" ind2=" ">
            <mx:subfield code="z">Freie Internetressource</mx:subfield>
        </mx:datafield>
    </mx:record>
</mx:collection>

